@article{ejemplo,
	title={Ejemplo Referencia},
	author={Numerical, Analysis},
	journal={Universidad Industrial de Santander},
	volume={0},
	number={0},
	pages={0--0},
	year={202X},
}

