
@misc{ref:investopediaOut,
	HOWPUBLISHED = "\url{https://www.investopedia.com/terms/o/outsourcing.asp}",
	AUTHOR = "Alexandra Twin",
	TITLE = "Outsourcing",
	YEAR = "2020",
	NOTE = "Accedido el 2021-01-21"
}

@misc{ref:Externalia,
	HOWPUBLISHED = "\url{https://externalia.es/tipos-de-outsourcing-existen/#:~:text=El%20principal%20motivo%20para%20recurrir,es%20clave%20para%20la%20compa%C3%B1%C3%ADa.}",
	AUTHOR = "Externalia",
	TITLE = "¿Qué tipos de Outsourcing existen y cuál necesita mi empresa?",
	YEAR = "2019",
	NOTE = "Accedido el 2021-01-21"
}

@misc{ref:journal,
	HOWPUBLISHED = "\url{https://www.journalofaccountancy.com/issues/1999/may/thomas.html}",
	AUTHOR = " William Thomas and John Parish",
	TITLE = "Co-Sourcing: What's In It For Me?",
	YEAR = "1999",
	NOTE = "Accedido el 2021-01-21"
}

@misc{ref:zonaBogota,
	HOWPUBLISHED = "\url{https://zonafrancabogota.com/regimen-zonas-francas/#:~:text=Las%20zonas%20francas%20son%20%C3%A1reas,aduanera%20y%20de%20comercio%20exterior.}",
	TITLE = "Régimen de Zonas Francas",
	NOTE = "Accedido el 2021-01-22"
}

@misc{ref:zonafrancabarranquilla,
	HOWPUBLISHED = "\url{https://zonafrancabarranquilla.com/zonas-francas-en-colombia-generan-307-447-empleos/}",
	TITLE = "Zonas Francas en Colombia generan 307.447 empleos",
	year = "2018",
	NOTE = "Accedido el 2021-01-22"
}

@misc{ref:zonafrancasantander,
	HOWPUBLISHED = "\url{http://www.zonafrancasantander.com/}",
	TITLE = "Zona franca Santander",
	year = "2019",
	NOTE = "Accedido el 2021-01-23"
}

@misc{ref:investing,
	HOWPUBLISHED = "\url{http://www.investinsantander.co/incentivos-especiales/zonas-francas-en-santander/}",
	TITLE = "Incentivos especiales: Zonas Francas",
	year = "2019",
	NOTE = "Accedido el 2021-01-23"
}

@misc{ref:aduanas,
	HOWPUBLISHED = "\url{https://repository.urosario.edu.co/bitstream/handle/10336/11952/DianaPatricia-RichardsonPena-2002.pdf;jsessionid=4F04845B83AAE7E67760FF20AFCD5D17?sequence=1}",
	TITLE = "Los derechos de audana - Aproximación a una definición",
	author = "Diana Patricia Richardson Peña and Julio Cesar Beltrán Cristancho",
	year = "2002",
	NOTE = "Accedido el 2021-01-23"
}

@misc{ref:dump,
	HOWPUBLISHED = "\url{https://ibercondor.com/blog/que-es-el-antidumping/}",
	TITLE = "¿Qué es el antidumping?",
	author = "Ibercondor",
	year = "2020",
	NOTE = "Accedido el 2021-01-23"
}

@misc{ref:antidump,
	HOWPUBLISHED = "\url{https://www.mincit.gov.co/mincomercioexterior/defensa-comercial/dumping/investigacion-para-aplicacion-de-derechos-antidump/definiciones/derechos-antidumping}",
	TITLE = "Derechos antidumping",
	author = "mincit",
	year = "2020",
	NOTE = "Accedido el 2021-01-23"
}

