@article{Checkland[1],
author = {Checkland, Peter},
title = {Soft systems methodology: a thirty year retrospective},
journal = {Systems Research and Behavioral Science},
volume = {17},
number = {S1},
pages = {S11-S58},
doi = {https://doi.org/10.1002/1099-1743(200011)17:1+<::AID-SRES374>3.0.CO;2-O},
url = {https://onlinelibrary.wiley.com/doi/abs/10.1002/1099-1743%28200011%2917%3A1%2B%3C%3A%3AAID-SRES374%3E3.0.CO%3B2-O},
eprint = {https://onlinelibrary.wiley.com/doi/pdf/10.1002/1099-1743%28200011%2917%3A1%2B%3C%3A%3AAID-SRES374%3E3.0.CO%3B2-O},
year = {2000}
}

@article{Ngai[1],
author={Ngai,E. W. T. and To,C. K. M. and Ching,V. S. M. and Chan,L. K. and Lee,M. C. M. and Choi,Y. S. and Chai,P. Y. F.},
year={2012},
title={Development of the conceptual model of energy and utility management in textile processing: A soft systems approach},
journal={International Journal of Production Economics},
volume={135},
number={2},
pages={607-617},
note={Cited By :27},
language={Inglés},
url={www.scopus.com},
}

@article{Pereira[1],
author={Pereira,T. F. and Montevechi,J. A. B. and Miranda,R. D. C. and Friend,J. D.},
year={2015},
title={Integrating soft systems methodology to aid simulation conceptual modeling},
journal={International Transactions in Operational Research},
volume={22},
number={2},
pages={265-285},
note={Cited By :19},
language={Inglés},
url={www.scopus.com},
}

@Article{Adgeo[1],
AUTHOR = {Tatomir, A. and McDermott, C. and Bensabat, J. and Class, H. and Edlmann, K. and Taherdangkoo, R. and Sauter, M.},
TITLE = {Conceptual model development using a generic Features, Events, and Processes
(FEP) database for assessing the potential impact of hydraulic fracturing on
groundwater aquifers},
JOURNAL = {Advances in Geosciences},
VOLUME = {45},
YEAR = {2018},
PAGES = {185--192},
URL = {https://adgeo.copernicus.org/articles/45/185/2018/},
DOI = {10.5194/adgeo-45-185-2018}
}

@book{Checkland[2],
  address = {Chichester},
  author = {Checkland, Peter B.},
  keywords = {book engineering, foundational systems thesis},
  owner = {slukosch},
  publisher = {John Wiley \& Sons},
  title = {Systems Thinking, Systems Practice},
  year = 1981
}

@inproceedings{Sridan[1],
author={Sridan,P. and Surapolchai,P.},
editor={ },
year={2020},
title={A systemic approach to biomass energy development: Thailand’s path towards sustainable development},
booktitle={European Biomass Conference and Exhibition Proceedings},
pages={786-797},
language={English},
url={www.scopus.com},
}

@article{Acero[1],
author={Acero López,A. E. and Ramirez Cajiao,M. C. and Peralta Mejia,M. and Payán Durán,L. F. and Espinosa Díaz,E. E.},
year={2019},
title={Participatory Design and Technologies for Sustainable Development: an Approach from Action Research},
journal={Systemic Practice and Action Research},
volume={32},
number={2},
pages={167-191},
note={Cited By :3},
language={English},
url={www.scopus.com},
}

@inproceedings{Acero[2],
author={López,A. E. A. and Cajiao,M. C. R. and Mejía,M. P. and Durán,L. F. P. and Díaz,E. E. E.},
editor={ },
year={2018},
title={Participatory action research as a methodology for the development of appropriate technologies by communities},
booktitle={Proceedings of the 60th Annual Meeting of the International Society for the Systems Sciences, ISSS 2016},
language={English},
url={www.scopus.com},
}

@article{Suryaatmaja[1],
author={Suryaatmaja,K. and Wibisono,D. and Ghazali,A. and Fitriati,R.},
year={2020},
title={Uncovering the failure of Agile framework implementation using SSM-based action research},
journal={Palgrave Communications},
volume={6},
number={1},
language={English},
url={www.scopus.com},
}

@inproceedings{Albareta[1],
author={Roza Albareta,A. and Mursanto,P.},
editor={ },
year={2019},
title={Design of Standard Operating Procedure for Requirement Engineering in Software Development: Case Study Data Processing Integration Subdirectorate Statistics Indonesia},
booktitle={Journal of Physics: Conference Series},
volume={1175},
chapter={1},
language={English},
url={www.scopus.com},
}