@article{vis,
  author       = {{Grupo de investigación en visualización}},
  organization = {Universidad Nacional del Sur},
  title        = {Visualización},
  journal      = {WICC 2000},
  year         = {2000},
  pages        = {150-153},
  month        = {Mayo},
  url          = {http://sedici.unlp.edu.ar/handle/10915/22281}
}

@inproceedings{SciVis,
  author    = {Bayoumi, Sahar and Alghamlas, Munirah and Alshehri, Asma and Alruthae, Maitha},
  booktitle = {2018 21st Saudi Computer Society National Computer Conference (NCC)},
  title     = {A Review on Scientific Visualization. Case study: Breast Cancer},
  year      = {2018},
  volume    = {},
  number    = {},
  pages     = {1-5},
  doi       = {10.1109/NCG.2018.8593098}
}

@misc{arqCom,
  author       = {Carlos Jaime Barrios Hernández},
  url          = {http://wiki.sc3.uis.edu.co/index.php/Arquitectura_de_computadores},
  journal      = {Arquitectura de computadores},
  organization = {Supercomputación y Cálculo Científico},
  howpublished = {Online}
} 

@misc{barebones,
  title     = {What do I get with a barebones server?},
  url       = {https://www.servercase.co.uk/blog/article/how-we-can-help---what-do-i-get-with-a-barebones-server/},
  publisher = {ServerCase},
  author    = {Parry, Richard},
  year      = {2018},
  month     = {Dec}
}